@article{andreassen1990judgmental,
  title={Judgmental extrapolation and the salience of change},
  author={Andreassen, Paul B and Kraus, Stephen J},
  journal={Journal of forecasting},
  volume={9},
  number={4},
  pages={347--372},
  year={1990},
  publisher={Wiley Online Library}
}


@article{berry1984relationship,
  title={On the relationship between task performance and associated verbalizable knowledge},
  author={Berry, Dianne C and Broadbent, Donald E},
  journal={The Quarterly Journal of Experimental Psychology},
  volume={36},
  number={2},
  pages={209--231},
  year={1984},
  publisher={Taylor \& Francis}
}

@article{biederman87,
  title={Recognition-by-components: a theory of human image understanding},
  author={Biederman, Irving},
  journal={Psychological Review},
  volume={94},
  pages={115--147},
  year={1987},
  publisher={American Psychological Association}
}

@article{bolger1998heuristics,
  title={Heuristics and biases in judgmental forecasting},
  author={Bolger, Fergus and Harvey, Nigel},
  year={1998},
  publisher={John Wiley \& Son}
}


@article{bott2004nonmonotonic,
  title={Nonmonotonic extrapolation in function learning},
  author={Bott, Lewis and Heit, Evan},
  journal={Journal of Experimental Psychology: Learning, Memory, and Cognition},
  volume={30},
  pages={38--50},
  year={2004},
  publisher={American Psychological Association}
}

@article{brady2011review,
  title={A review of visual memory capacity: Beyond individual items and toward structured representations},
  author={Brady, Timothy F and Konkle, Talia and Alvarez, George A},
  journal={Journal of Vision},
  volume={11},
  pages={4--4},
  year={2011},
  publisher={The Association for Research in Vision and Ophthalmology}
}

@article{brady2013probabilistic,
  title={A probabilistic model of visual working memory: Incorporating higher order regularities into working memory capacity estimates.},
  author={Brady, Timothy F and Tenenbaum, Joshua B},
  journal={Psychological Review},
  volume={120},
  number={1},
  pages={85},
  year={2013},
  publisher={American Psychological Association}
}


@article{brehmer1974effect,
  title={The effect of cue intercorrelation on interpersonal learning of probabilistic inference tasks},
  author={Brehmer, Berndt},
  journal={Organizational Behavior and Human Performance},
  volume={12},
  number={3},
  pages={397--412},
  year={1974},
  publisher={Elsevier}
}


@article{brehmer1974hypotheses,
  title={Hypotheses about relations between scaled variables in the learning of probabilistic inference tasks},
  author={Brehmer, Berndt},
  journal={Organizational Behavior and Human Performance},
  volume={11},
  number={1},
  pages={1--27},
  year={1974},
  publisher={Elsevier}
}

@article{brehmer1985learning,
  title={Learning and hypothesis testing in probabilistic inference tasks},
  author={Brehmer, Berndt and Alm, H{\aa}kan and Warg, Lars-Erik},
  journal={Scandinavian Journal of Psychology},
  volume={26},
  number={1},
  pages={305--313},
  year={1985},
  publisher={Wiley Online Library}
}

@article{goodman2008rational,
  title={A Rational Analysis of Rule-Based Concept Learning},
  author={Goodman, Noah D and Tenenbaum, Joshua B and Feldman, Jacob and Griffiths, Thomas L},
  journal={Cognitive Science},
  volume={32},
  number={1},
  pages={108--154},
  year={2008},
  publisher={Wiley Online Library}
}

@article{gronau2017tutorial,
  title={A tutorial on bridge sampling},
  author={Gronau, Quentin F and Sarafoglou, Alexandra and Matzke, Dora and Ly, Alexander and Boehm, Udo and Marsman, Maarten and Leslie, David S and Forster, Jonathan J and Wagenmakers, Eric-Jan and Steingroever, Helen},
  journal={Journal of mathematical psychology},
  volume={81},
  pages={80--97},
  year={2017},
  publisher={Elsevier}
}


@article{feldman2000minimization,
  title={Minimization of Boolean complexity in human concept learning},
  author={Feldman, Jacob},
  journal={Nature},
  volume={407},
  number={6804},
  pages={630},
  year={2000},
  publisher={Nature Publishing Group}
}


@article{biederman87,
  title={Recognition-by-components: a theory of human image understanding},
  author={Biederman, Irving},
  journal={Psychological Review},
  volume={94},
  pages={115--147},
  year={1987},
  publisher={American Psychological Association}
}


@book{chomsky65,
  title={Aspects of the Theory of Syntax},
  author={Chomsky, Noam},
  year={1965},
  publisher={MIT press}
}

@article{broadbent1958effects,
  title={The effects of noise on behaviour.},
  author={Broadbent, Donald E},
  year={1958},
  publisher={Pergamon Press}
}

@article{barr2013random,
  title={Random effects structure for confirmatory hypothesis testing: Keep it maximal},
  author={Barr, Dale J and Levy, Roger and Scheepers, Christoph and Tily, Harry J},
  journal={Journal of memory and language},
  volume={68},
  number={3},
  pages={255--278},
  year={2013},
  publisher={Elsevier}
}

@article {Schulz2019Structured,
	author = {Schulz, Eric and Bhui, Rahul and Love, Bradley C. and Brier, Bastien and Todd, Michael T. and Gershman, Samuel J.},
	title = {Structured, uncertainty-driven exploration in real-world consumer choice},
	volume = {116},
	number = {28},
	pages = {13903--13908},
	year = {2019},
	publisher = {National Academy of Sciences},
	journal = {Proceedings of the National Academy of Sciences}
}


@article{mccarthy2010mtld,
  title={MTLD, vocd-D, and HD-D: A validation study of sophisticated approaches to lexical diversity assessment},
  author={McCarthy, Philip M and Jarvis, Scott},
  journal={Behavior Research Methods},
  volume={42},
  number={2},
  pages={381--392},
  year={2010},
  publisher={Springer}
}


@article{rasmussen2010gaussian,
  title={Gaussian Processes for Machine Learning (GPML) toolbox},
  author={Rasmussen, C.E. and Nickisch, Hannes},
  journal={Journal of Machine Learning Research},
  volume={11},
  number={Nov},
  pages={3011--3015},
  year={2010}
}


@book{box2015time,
  title={Time series analysis: Forecasting and control},
  author={Box, George EP and Jenkins, Gwilym M and Reinsel, Gregory C and Ljung, Greta M},
  year={2015},
  publisher={John Wiley \& Sons}
}


@article{blei2012probabilistic,
  title={Probabilistic topic models},
  author={Blei, David M},
  journal={Communications of the ACM},
  volume={55},
  number={4},
  pages={77--84},
  year={2012},
  publisher={ACM}
}


@article{Rouder2012,
author = {Rouder, Jeffrey N. and Morey, Richard D.},
doi = {10.1080/00273171.2012.734737},
pages = {877--903},
title = {{Default Bayes Factors for Model Selection in Regression}},
urlELIM = {http://www.tandfonline.com/doi/abs/10.1080/00273171.2012.734737},
volume = {47},
year = {2012}
}

@article{bruner1956austin,
  title={A Study of Thinking},
  author={Bruner, Jerome S and Goodnow, Jacqueline J and George, A},
  journal={New York: John Wiley \& Sons, Inc},
  volume={14},
  pages={330},
  year={1956}
}

@article{buffart1981coding,
  title={Coding theory of visual pattern completion.},
  author={Buffart, Hans and Leeuwenberg, Emanual and Restle, Frank},
  journal={Journal of Experimental Psychology: Human Perception and Performance},
  volume={7},
  number={2},
  pages={241},
  year={1981},
  publisher={American Psychological Association}
}


@article{busemeyer1997learning,
  title={Learning functional relations based on experience with input-output pairs by humans and artificial neural networks.},
  author={Busemeyer, Jerome R and Byun, Eunhee and Delosh, Edward L and McDaniel, Mark A},
  year={1997},
  publisher={The MIT Press}
}


@article{byun1995interaction,
  title={Interaction between prior knowledge and type of nonlinear relationship on function learning},
  author={Byun, Eunhee},
  year={1995}
}



@book{carroll1963functional,
  title={Functional learning: The learning of continuous functional mappings relating stimulus and response continua},
  author={Carroll, J Douglas},
  publisher={Educational Testing Service},
  year={1963},
  location={Princeton, NJ}
}

@article{chase73,
  title={Perception in chess},
  author={Chase, William G and Simon, Herbert A},
  journal={Cognitive Psychology},
  volume={4},
  number={1},
  pages={55--81},
  year={1973},
  publisher={Elsevier}
}

@book{chomsky65,
  title={Aspects of the Theory of Syntax},
  author={Chomsky, Noam},
  year={1965},
  publisher={MIT press}
}

@inproceedings{cox2012gaussian,
  title={Gaussian process regression for trajectory analysis},
  author={Cox, Gregory E and Kachergis, George and Shiffrin, Richard M},
  booktitle={{Proceedings of the 34th Annual Conference of the Cognitive Science Society}},
  pages={1440--1445},
  year={2012}
}


@inproceedings{dechter2013bootstrap,
  title={Bootstrap Learning via Modular Concept Discovery.},
  author={Dechter, Eyal and Malmaud, Jonathan and Adams, Ryan P and Tenenbaum, Joshua B},
  booktitle={{IJCAI}},
  year={2013}
}


@article{delosh1997extrapolation,
  title={Extrapolation: The sine qua non for abstraction in function learning.},
  author={DeLosh, Edward L and Busemeyer, Jerome R and McDaniel, Mark A},
  journal={Journal of Experimental Psychology: Learning, Memory, and Cognition},
  volume={23},
  number={4},
  pages={968},
  year={1997},
  publisher={American Psychological Association}
}

@article{duvenaud2013structure,
  title={Structure discovery in nonparametric regression through compositional kernel search},
  author={Duvenaud, David and Lloyd, James Robert and Grosse, Roger and Tenenbaum, Joshua B and Ghahramani, Zoubin},
  journal={Proceedings of the 30th {I}nternational {C}onference on {M}achine {L}earning},
  pages={1166--1174},
  year={2013}
}

@misc{cohen1988statistical,
  title={Statistical power analysis for the behavioral sciences. 2nd},
  author={Cohen, Jacob},
  year={1988},
  publisher={Hillsdale, NJ: erlbaum}
}


@article{ly2016harold,
  title={{Harold Jeffreys's default Bayes factor hypothesis tests: Explanation, extension, and application in psychology}},
  author={Ly, Alexander and Verhagen, Josine and Wagenmakers, Eric-Jan},
  journal={Journal of Mathematical Psychology},
  volume={72},
  pages={19--32},
  year={2016},
  publisher={Elsevier}
}

@article{moussaid2015amplification,
  title={The amplification of risk in experimental diffusion chains},
  author={Moussa{\"\i}d, Mehdi and Brighton, Henry and Gaissmaier, Wolfgang},
  journal={Proceedings of the National Academy of Sciences},
  pages={201421883},
  year={2015},
  publisher={National Acad Sciences}
}


@article{renn1992social,
  title={The social amplification of risk: Theoretical foundations and empirical applications},
  author={Renn, Ortwin and Burns, William J and Kasperson, Jeanne X and Kasperson, Roger E and Slovic, Paul},
  journal={Journal of social issues},
  volume={48},
  number={4},
  pages={137--160},
  year={1992},
  publisher={Wiley Online Library}
}


@incollection{hastie2017generalized,
  title={Generalized additive models},
  author={Hastie, Trevor J},
  booktitle={Statistical models in S},
  pages={249--307},
  year={2017},
  publisher={Routledge}
}


@article{ghahramani2015probabilistic,
  title={Probabilistic machine learning and artificial intelligence},
  author={Ghahramani, Zoubin},
  journal={Nature},
  volume={521},
  number={7553},
  pages={452},
  year={2015},
  publisher={Nature Publishing Group}
}


@inproceedings{lloyd2014automatic,
  title={Automatic Construction and Natural-Language Description of Nonparametric Regression Models.},
  author={Lloyd, James Robert and Duvenaud, David K and Grosse, Roger B and Tenenbaum, Joshua B and Ghahramani, Zoubin},
  booktitle={{AAAI}},
  pages={1242--1250},
  year={2014}
}


@article{eggleton1982intuitive,
  title={Intuitive time-series extrapolation},
  author={Eggleton, Ian RC},
  journal={Journal of Accounting Research},
  pages={68--102},
  year={1982},
  publisher={JSTOR}
}

@article{field1993contour,
  title={Contour integration by the human visual system: evidence for a local “association field”},
  author={Field, David J and Hayes, Anthony and Hess, Robert F},
  journal={Vision research},
  volume={33},
  number={2},
  pages={173--193},
  year={1993},
  publisher={Elsevier}
}


@book{fodor1975language,
  title={The Language of Thought},
  author={Fodor, Jerry A},
  volume={5},
  year={1975},
  publisher={Harvard University Press}
}

@article{fodor1988connectionism,
  title={Connectionism and cognitive architecture: A critical analysis},
  author={Fodor, Jerry A and Pylyshyn, Zenon W},
  journal={Cognition},
  volume={28},
  number={1-2},
  pages={3--71},
  year={1988},
  publisher={Elsevier}
}

@article{forrest1972interactive,
  title={Interactive interpolation and approximation by {B}{\'e}zier polynomials},
  author={Forrest, A Robin},
  journal={The Computer Journal},
  volume={15},
  number={1},
  pages={71--79},
  year={1972},
  publisher={Br Computer Soc}
}



@article{gershman2010learning,
  title={Learning latent structure: carving nature at its joints},
  author={Gershman, Samuel J and Niv, Yael},
  journal={Current Opinion in Neurobiology},
  volume={20},
  pages={251--256},
  year={2010},
  publisher={Elsevier}
}

@article{gershman2015discovering,
  title={Discovering hierarchical motion structure},
  author={Gershman, Samuel J and Tenenbaum, Joshua B and J{\"a}kel, Frank},
  journal={Vision Research},
  year={2016},
  publisher={Elsevier}
}

@article{gershman2015reinforcement,
  title={Reinforcement Learning and Episodic Memory in Humans and Animals: An Integrative Framework},
  author={Gershman, Samuel J and Daw, Nathaniel D},
  journal={Annual Review of Psychology},
  volume={68},
  number={1},
  year={2015},
  publisher={Annual Reviews 4139 El Camino Way, PO Box 10139, Palo Alto, California 94303-0139, USA}
}


@article{gershman2017structured,
  title={Structured representations of utility in combinatorial domains},
  author={Gershman, Samuel J and Malmaud, Jonathan and Tenenbaum, Joshua B},
  journal={Decision},
  volume={4},
  pages={67--86},
  year={2017},
  publisher={Educational Publishing Foundation}
}

@inproceedings{griffiths2009modeling,
  title={Modeling human function learning with Gaussian processes},
  author={Griffiths, Thomas L and Lucas, Chris and Williams, Joseph and Kalish, Michael L},
  booktitle={Advances in {N}eural {I}nformation {P}rocessing {S}ystems},
  pages={553--560},
  year={2009}
}

@article{gobet1998expert,
  title={Expert chess memory: Revisiting the chunking hypothesis},
  author={Gobet, Fernand and Simon, Herbert A},
  journal={Memory},
  volume={6},
  number={3},
  pages={225--255},
  year={1998},
  publisher={Taylor \& Francis}
}


@inproceedings{goerg2013forecastable,
  title={Forecastable component analysis},
  author={Goerg, Georg},
  booktitle={Proceedings of the 30th {I}nternational {C}onference on {M}achine {L}earning ({ICML}-13)},
  pages={64--72},
  year={2013}
}

@article{goodman2008rational,
  title={A Rational Analysis of Rule-Based Concept Learning},
  author={Goodman, Noah D and Tenenbaum, Joshua B and Feldman, Jacob and Griffiths, Thomas L},
  journal={Cognitive Science},
  volume={32},
  number={1},
  pages={108--154},
  year={2008},
  publisher={Wiley Online Library}
}

@article{goodwin1993improving,
  title={Improving judgmental time series forecasting: A review of the guidance provided by research},
  author={Goodwin, Paul and Wright, George},
  journal={International Journal of Forecasting},
  volume={9},
  number={2},
  pages={147--161},
  year={1993},
  publisher={Elsevier}
}

@article{smith2003iterated,
  title={Iterated learning: A framework for the emergence of language},
  author={Smith, Kenny and Kirby, Simon and Brighton, Henry},
  journal={Artificial life},
  volume={9},
  number={4},
  pages={371--386},
  year={2003},
  publisher={MIT Press}
}

@article{smith2010eliminating,
  title={Eliminating unpredictable variation through iterated learning},
  author={Smith, Kenny and Wonnacott, Elizabeth},
  journal={Cognition},
  volume={116},
  number={3},
  pages={444--449},
  year={2010},
  publisher={Elsevier}
}


@incollection{dowman2008human,
  title={A human model of color term evolution},
  author={Dowman, Mike and Xu, Jing and Griffiths, Thomas L},
  booktitle={The Evolution Of Language},
  pages={421--422},
  year={2008},
  publisher={World Scientific}
}


@article{kirby2008cumulative,
  title={Cumulative cultural evolution in the laboratory: An experimental approach to the origins of structure in human language},
  author={Kirby, Simon and Cornish, Hannah and Smith, Kenny},
  journal={Proceedings of the National Academy of Sciences},
  year={2008},
  publisher={National Acad Sciences}
}


@article{christiansen2008language,
  title={Language as shaped by the brain},
  author={Christiansen, Morten H and Chater, Nick},
  journal={Behavioral and brain sciences},
  volume={31},
  number={5},
  pages={489--509},
  year={2008},
  publisher={Cambridge University Press}
}


@article{deacon1997symbolic,
  title={The symbolic species: The co-evolution of language and the brain},
  author={Deacon, Terrence and Poeppel, David},
  journal={Nature},
  volume={388},
  number={6644},
  pages={734--734},
  year={1997},
  publisher={[London: Macmillan Journals], 1869-}
}



@incollection{kirby2002emergence,
  title={The emergence of linguistic structure: An overview of the iterated learning model},
  author={Kirby, Simon and Hurford, James R},
  booktitle={Simulating the evolution of language},
  pages={121--147},
  year={2002},
  publisher={Springer}
}

@article{verhoef2012origins,
  title={The origins of duality of patterning in artificial whistled languages},
  author={Verhoef, Tessa},
  journal={Language and cognition},
  volume={4},
  number={4},
  pages={357--380},
  year={2012},
  publisher={Cambridge University Press}
}


@article{griffiths07,
  title={Language evolution by iterated learning with {B}ayesian agents},
  author={Griffiths, Thomas L and Kalish, Michael L},
  journal={Cognitive Science},
  volume={31},
  pages={441--480},
  year={2007},
  publisher={Wiley Online Library}
}

@article{griffiths10,
  title={Probabilistic models of cognition: Exploring representations and inductive biases},
  author={Griffiths, Thomas L and Chater, Nick and Kemp, Charles and Perfors, Amy and Tenenbaum, Joshua B},
  journal={Trends in Cognitive Sciences},
  volume={14},
  pages={357--364},
  year={2010},
  publisher={Elsevier}
}

@article{grosse2012exploiting,
  title={Exploiting compositionality to explore a large space of model structures},
  author={Grosse, Roger and Salakhutdinov, Ruslan R and Freeman, William T and Tenenbaum, Joshua B},
  journal={Uncertainty in Artificial Intelligence},
  year={2012}
}

@article{harvey1996graphs,
  title={Graphs versus tables: Effects of data presentation format on judgemental forecasting},
  author={Harvey, Nigel and Bolger, Fergus},
  journal={International Journal of Forecasting},
  volume={12},
  number={1},
  pages={119--137},
  year={1996},
  publisher={Elsevier}
}

@article{harvey1997effects,
  title={Effects of data noise on statistical judgement},
  author={Harvey, Nigel and Ewart, Teresa and West, Robert},
  journal={Thinking \& Reasoning},
  volume={3},
  number={2},
  pages={111--132},
  year={1997},
  publisher={Taylor \& Francis}
}


@article{humboldt36,
  title={Linguistic Variability and Intellectual Development},
  author={Von Humboldt, Wilhelm},
  year={1836},
  publisher={University of Pennsylvania Press},
  location={Philadelphia}
}

@inproceedings{hyndman2015large,
  title={Large-scale unusual time series detection},
  author={Hyndman, Rob J and Wang, Earo and Laptev, Nikolay},
  booktitle={2015 {IEEE} {I}nternational {C}onference on {D}ata {M}ining {W}orkshop ({ICDMW})},
  pages={1616--1619},
  year={2015},
  organization={IEEE}
}


@article{kalish2004population,
  title={Population of linear experts: knowledge partitioning and function learning.},
  author={Kalish, Michael L and Lewandowsky, Stephan and Kruschke, John K},
  journal={Psychological Review},
  volume={111},
  number={4},
  pages={1072},
  year={2004},
  publisher={American Psychological Association}
}


@article{kalish2007iterated,
  title={Iterated learning: Intergenerational knowledge transmission reveals inductive biases},
  author={Kalish, Michael L and Griffiths, Thomas L and Lewandowsky, Stephan},
  journal={Psychonomic Bulletin \& Review},
  volume={14},
  pages={288--294},
  year={2007},
  publisher={Springer}
}

@article{kalish2013learning,
  title={Learning and extrapolating a periodic function},
  author={Kalish, Michael L},
  journal={Memory \& cognition},
  volume={41},
  number={6},
  pages={886--896},
  year={2013},
  publisher={Springer}
}


@book{kanizsa1979organization,
  title={Organization in vision: Essays on Gestalt perception},
  author={Kanizsa, Gaetano},
  year={1979},
  publisher={Praeger Publishers}
}


@article{kemp2009structured,
  title={Structured statistical models of inductive reasoning},
  author={Kemp, Charles and Tenenbaum, Joshua B},
  journal={Psychological Review},
  volume={116},
  pages={20--58},
  year={2009},
  publisher={American Psychological Association}
}

@article{kemp2012exploring,
  title={Exploring the conceptual universe.},
  author={Kemp, Charles},
  journal={Psychological Review},
  volume={119},
  number={4},
  pages={685},
  year={2012},
  publisher={American Psychological Association}
}

@article{keren1983cultural,
  title={Cultural differences in the misperception of exponential growth},
  author={Keren, Gideon},
  journal={Perception \& psychophysics},
  volume={34},
  number={3},
  pages={289--293},
  year={1983},
  publisher={Springer}
}


@article{koh1991function,
  title={Function learning: Induction of continuous stimulus-response relations},
  author={Koh, Kyunghee and Meyer, David E},
  journal={Journal of Experimental Psychology: Learning, Memory, and Cognition},
  volume={17},
  pages={811--836},
  year={1991},
  publisher={American Psychological Association}
}

@article{kwantes2006people,
  title={Why people underestimate y when extrapolating in linear functions.},
  author={Kwantes, Peter J and Neal, Andrew},
  journal={Journal of Experimental Psychology: Learning, Memory, and Cognition},
  volume={32},
  number={5},
  pages={1019},
  year={2006},
  publisher={American Psychological Association}
}

@article{lake2015human,
  title={Human-level concept learning through probabilistic program induction},
  author={Lake, Brenden M and Salakhutdinov, Ruslan and Tenenbaum, Joshua B},
  journal={Science},
  volume={350},
  number={6266},
  pages={1332--1338},
  year={2015},
  publisher={American Association for the Advancement of Science}
}


@article{lake2016building,
  title={Building machines that learn and think like people},
  author={Lake, Brenden M and Ullman, Tomer D and Tenenbaum, Joshua B and Gershman, Samuel J},
  journal={Behavioral and Brain Sciences},
  year={2016}
}

@article{lee06,
  title={Efficient coding of visual scenes by grouping and segmentation},
  author={Lee, Tai Sing and Yuille, Alan L},
  journal={Bayesian Brain: Probabilistic Approaches to Neural Coding},
  pages={141--185},
  year={2006}
}

@article{lew15,
  title={Ensemble clustering in visual working memory biases location memories and reduces the Weber noise of relative positions},
  author={Lew, Timothy F and Vul, Edward},
  journal={Journal of Vision},
  volume={15},
  number={4},
  pages={10--10},
  year={2015},
  publisher={The Association for Research in Vision and Ophthalmology}
}

@inproceedings{lieder2012burn,
  title={Burn-in, bias, and the rationality of anchoring},
  author={Lieder, Falk and Griffiths, Thomas and Goodman, Noah},
  booktitle={Advances in {N}eural {I}nformation {P}rocessing {S}ystems},
  pages={2690--2798},
  year={2012}
}


@article{lucas2015rational,
  title={A rational model of function learning},
  author={Lucas, Christopher G and Griffiths, Thomas L and Williams, Joseph J and Kalish, Michael L},
  journal={Psychonomic Bulletin \& Review},
  volume={22},
  number={5},
  pages={1193--1215},
  year={2015},
  publisher={Springer}
}

@article{mathy2012s,
  title={What's magic about magic numbers? {C}hunking and data compression in short-term memory},
  author={Mathy, Fabien and Feldman, Jacob},
  journal={Cognition},
  volume={122},
  number={3},
  pages={346--362},
  year={2012},
  publisher={Elsevier}
}


@article{mcdaniel2005conceptual,
  title={The conceptual basis of function learning and extrapolation: Comparison of rule-based and associative-based models},
  author={McDaniel, Mark A and Busemeyer, Jerome R},
  journal={Psychonomic Bulletin \& Review},
  volume={12},
  pages={24--42},
  year={2005},
  publisher={Springer}
}

@article{mcdaniel2009predicting,
  title={Predicting transfer performance: A comparison of competing function learning models.},
  author={McDaniel, Mark A and Dimperio, Eric and Griego, Jacqueline A and Busemeyer, Jerome R},
  journal={Journal of Experimental Psychology: Learning, Memory, and Cognition},
  volume={35},
  number={1},
  pages={173},
  year={2009},
  publisher={American Psychological Association}
}

@article{miller56,
  title={The magical number seven, plus or minus two: Some limits on our capacity for processing information},
  author={Miller, George A},
  journal={Psychological Review},
  volume={63},
  pages={81--97},
  year={1956},
  publisher={American Psychological Association}
}

@book{mitchell80,
  title={The need for biases in learning generalizations},
  author={Mitchell, Tom M},
  year={1980},
  publisher={Department of Computer Science, Laboratory for Computer Science Research, Rutgers Univ. New Jersey}
}

@article{montero2014tsclust,
  title={Tsclust: An r package for time series clustering},
  author={Montero, Pablo and Vilar, Jos{\'e} A and others},
  journal={Journal of Statistical Software},
  year={2014}
}

@article{nosofsky94,
  title={Rule-plus-exception model of classification learning},
  author={Nosofsky, Robert M and Palmeri, Thomas J and McKinley, Stephen C},
  journal={Psychological Review},
  volume={101},
  pages={53--79},
  year={1994},
  publisher={American Psychological Association}
}

@article{orhan13,
  title={A probabilistic clustering theory of the organization of visual short-term memory},
  author={Orhan, A Emin and Jacobs, Robert A},
  journal={Psychological Review},
  volume={120},
  pages={297--328},
  year={2013},
  publisher={American Psychological Association}
}

@inproceedings{parpartactive,
  title={Active learning as a means to distinguish among prominent decision strategies},
  author={Parpart, Paula and Schulz, Eric and Speekenbrink, Maarten and Love, Bradley C},
  booktitle={Proceedings of the 37th {A}nnual {M}eeting of the {C}ognitive {S}cience {S}ociety },
  pages={1829--1834},
  year={2015}
}

@article{pashler1988familiarity,
  title={Familiarity and visual change detection},
  author={Pashler, Harold},
  journal={Perception \& Psychophysics},
  volume={44},
  number={4},
  pages={369--378},
  year={1988},
  publisher={Springer}
}

@book{percival2006wavelet,
  title={Wavelet methods for time series analysis},
  author={Percival, Donald B and Walden, Andrew T},
  volume={4},
  year={2006},
  publisher={Cambridge University Press}
}


@book{peyton1987implementation,
  title={The implementation of functional programming languages (prentice-hall international series in computer science)},
  author={Peyton Jones, Simon L},
  year={1987},
  publisher={Prentice-Hall, Inc.}
}


@article{piantadosi2016logical,
  title={The Logical Primitives of Thought: Empirical Foundations for Compositional Cognitive Models.},
  author={Piantadosi, Steven T and Tenenbaum, Joshua B and Goodman, Noah D},
  year={2016},
  publisher={American Psychological Association}
}


@book{rasmussen2006gaussian,
  title={Gaussian Processes for Machine Learning},
  author={Rasmussen, C.E. and Williams, C.K.I.},
  year={2006},
  publisher={MIT Press},
  location={Cambridge, MA}
}

@article{rouder2011measure,
  title={How to measure working memory capacity in the change detection paradigm},
  author={Rouder, Jeffrey N and Morey, Richard D and Morey, Candice C and Cowan, Nelson},
  journal={Psychonomic Bulletin \& Review},
  volume={18},
  number={2},
  pages={324--330},
  year={2011},
  publisher={Springer}
}


@inproceedings{sanborn2007markov,
  title={{M}arkov chain {M}onte {C}arlo with people},
  author={Sanborn, Adam N and Griffiths, Thomas L},
  booktitle={Advances in {N}eural {I}nformation {P}rocessing {S}ystems},
  pages={1265--1272},
  year={2007}
}

@article{sanborn2010uncovering,
  title={Uncovering mental representations with {M}arkov chain {M}onte {C}arlo},
  author={Sanborn, Adam N and Griffiths, Thomas L and Shiffrin, Richard M},
  journal={Cognitive Psychology},
  volume={60},
  number={2},
  pages={63--106},
  year={2010},
  publisher={Elsevier}
}

@book{scholkopf02,
  title={Learning with kernels: support vector machines, regularization, optimization, and beyond},
  author={Sch{\"o}lkopf, Bernhard and Smola, Alexander J},
  year={2002},
  publisher={MIT press}
}

@inproceedings{schulzassessing,
  title={Assessing the Perceived Predictability of Functions},
  author={Schulz, Eric and Tenenbaum, Joshua B and Reshef, David N and Speekenbrink, Maarten and Gershman, Samuel J},
  booktitle={Proceedings of the 37th {A}nnual {M}eeting of the {C}ognitive {S}cience {S}ociety },
  pages={2116--2121},
  year={2015},
  organization={Cognitive Science Society}

}

@article{schulz2015exploration,
  title={Exploration-exploitation in a contextual multi-armed bandit task},
  author={Schulz, Eric and Konstantinidis, Emmanouil and Speekenbrink, Maarten},
  journal={Manuscript in preparation},
  year={2015}
}

@article{schulz2016putting,
  title={Putting bandits into context: How function learning supports decision making},
  author={Schulz, Eric and Konstantinidis, Emmanouil and Speekenbrink, Maarten},
  journal={bioRxiv},
  pages={081091},
  year={2016},
  publisher={Cold Spring Harbor Labs Journals}
}


@inproceedings{schulz2015learning,
  title={Learning and decisions in contextual multi-armed bandit tasks},
  author={Schulz, Eric and Konstantinidis, Emmanouil and Speekenbrink, Maarten},
  booktitle={Proceedings of the Thirty-Seventh Annual Conference of the {C}ognitive {S}cience {S}ociety},
  pages={2122--2127},
  year={2015},
  organization={Cognitive Science Society}
}

@article{schulz2016simple,
  title={Simple trees in complex forests: Growing Take The Best by Approximate Bayesian Computation},
  author={Schulz, Eric and Speekenbrink, Maarten and Meder, Bj{\"o}rn},
  journal={arXiv preprint arXiv:1605.01598},
  year={2016}
}


@article{shepard1961learning,
  title={Learning and memorization of classifications.},
  author={Shepard, Roger N and Hovland, Carl I and Jenkins, Herbert M},
  journal={Psychological Monographs: General and Applied},
  volume={75},
  number={13},
  pages={1},
  year={1961},
  publisher={American Psychological Association}
}

@article{sollich2001gaussian,
  title={Gaussian process regression with mismatched models},
  author={Sollich, Peter},
  journal={arXiv preprint cond-mat/0106475},
  year={2001}
}


@article{sternberg1966high,
  title={High-speed scanning in human memory},
  author={Sternberg, Saul and others},
  journal={Science},
  volume={153},
  number={3736},
  pages={652--654},
  year={1966}
}


@article{tenenbaum2011grow,
  title={How to grow a mind: Statistics, structure, and abstraction},
  author={Tenenbaum, Joshua B and Kemp, Charles and Griffiths, Thomas L and Goodman, Noah D},
  journal={Science},
  volume={331},
  number={6022},
  pages={1279--1285},
  year={2011},
  publisher={American Association for the Advancement of Science}
}

@article{thorndyke1977cognitive,
  title={Cognitive structures in comprehension and memory of narrative discourse},
  author={Thorndyke, Perry W},
  journal={Cognitive Psychology},
  volume={9},
  number={1},
  pages={77--110},
  year={1977},
  publisher={Elsevier}
}


@article{wilson2013gaussian,
  title={Gaussian process kernels for pattern discovery and extrapolation},
  author={Wilson, Andrew Gordon and Adams, Ryan Prescott},
  journal={arXiv preprint arXiv:1302.4245},
  year={2013}
}

@inproceedings{wilson2015human,
  title={The Human Kernel},
  author={Wilson, Andrew G and Dann, Christoph and Lucas, Chris and Xing, Eric P},
  booktitle={Advances in {N}eural {I}nformation {P}rocessing {S}ystems},
  pages={2836--2844},
  year={2015}
}

@article{zhao2011mutual,
  title={Mutual interference between statistical summary perception and statistical learning},
  author={Zhao, Jiaying and Ngo, Nhi and McKendrick, Ryan and Turk-Browne, Nicholas B},
  journal={Psychological Science},
  year={2011},
  publisher={Sage Publications}
}


@article{zhao2016statistical,
  title={Statistical regularities reduce perceived numerosity},
  author={Zhao, Jiaying and Yu, Ru Qi},
  journal={Cognition},
  volume={146},
  pages={217--222},
  year={2016},
  publisher={Elsevier}
}

@inproceedings{hwang2016automatic,
  title={Automatic Construction of Nonparametric Relational Regression Models for Multiple Time Series},
  author={Hwang, Yunseong and Tong, Anh and Choi, Jaesik},
  booktitle={Proceedings of the 33rd International Conference on Machine Learning},
  year={2016}
}

@article{daume2009search,
  title={Search-based structured prediction},
  author={Daum{\'e}, Hal and Langford, John and Marcu, Daniel},
  journal={Machine Learning},
  volume={75},
  pages={297--325},
  year={2009},
  publisher={Springer}
}

@article{tsochantaridis2005large,
  title={Large margin methods for structured and interdependent output variables},
  author={Tsochantaridis, Ioannis and Joachims, Thorsten and Hofmann, Thomas and Altun, Yasemin},
  journal={Journal of Machine Learning Research},
  volume={6},
  number={Sep},
  pages={1453--1484},
  year={2005}
}

@article{xu2017statistical,
  title={Statistical Efficiency of Compositional Nonparametric Prediction},
  author={Xu, Yixi and Honorio, Jean and Wang, Xiao},
  journal={arXiv preprint arXiv:1704.01896},
  year={2017}
}

@article{ghahramani2015probabilistic,
  title={Probabilistic machine learning and artificial intelligence},
  author={Ghahramani, Zoubin},
  journal={Nature},
  volume={521},
  number={7553},
  pages={452},
  year={2015},
  publisher={Nature Publishing Group}
}

@inproceedings{little2009simplicity,
  title={Simplicity bias in the estimation of causal functions},
  author={Little, Daniel RB and Shiffrin, Richard},
  booktitle={Proceedings of the Cognitive Science Society},
  volume={31},
  number={31},
  year={2009}
}

@article{delosh1995hypothesis,
  title={Hypothesis testing in the learning of functional concepts},
  author={DeLosh, Edward L},
  journal={Unpublished master's thesis, Purdue University, West Lafayette, IN},
  year={1995}
}

@article{juslin2003exemplar,
  title={Exemplar effects in categorization and multiple-cue judgment.},
  author={Juslin, Peter and Olsson, Henrik and Olsson, Anna-Carin},
  journal={Journal of Experimental Psychology: General},
  volume={132},
  number={1},
  pages={133},
  year={2003},
  publisher={American Psychological Association}
}

@article{lewandowsky2002simplified,
  title={Simplified learning in complex situations: Knowledge partitioning in function learning.},
  author={Lewandowsky, Stephan and Kalish, Michael and Ngang, SK},
  journal={Journal of Experimental Psychology: General},
  volume={131},
  number={2},
  pages={163},
  year={2002},
  publisher={American Psychological Association}
}

@article{flanagan1999composition,
  title={Composition and decomposition of internal models in motor learning under altered kinematic and dynamic environments},
  author={Flanagan, J Randall and Nakano, Eri and Imamizu, Hiroshi and Osu, Rieko and Yoshioka, Toshinori and Kawato, Mitsuo},
  journal={Journal of Neuroscience},
  volume={19},
  number={20},
  pages={RC34--RC34},
  year={1999},
  publisher={Society for Neuroscience}
}

@article{wolpert2000computational,
  title={Computational principles of movement neuroscience},
  author={Wolpert, Daniel M and Ghahramani, Zoubin},
  journal={Nature neuroscience},
  volume={3},
  number={11s},
  pages={1212},
  year={2000},
  publisher={Nature Publishing Group}
}

@article{ghahramani1997modular,
  title={Modular decomposition in visuomotor learning},
  author={Ghahramani, Zoubin and Wolpert, Daniel M},
  journal={Nature},
  volume={386},
  number={6623},
  pages={392},
  year={1997},
  publisher={Nature Publishing Group}
}

@article{gershman2012multistability,
  title={Multistability and perceptual inference},
  author={Gershman, Samuel J and Vul, Edward and Tenenbaum, Joshua B},
  journal={Neural computation},
  volume={24},
  number={1},
  pages={1--24},
  year={2012},
  publisher={MIT Press}
}

@article {Quiroga285668,
	author = {Quiroga, Francisco and Schulz, Eric and Speekenbrink, Maarten and Harvey, Nigel},
	title = {Structured priors in human forecasting},
	year = {2018},
	doi = {10.1101/285668},
	publisher = {Cold Spring Harbor Laboratory},
	journal = {bioRxiv}
}


@article {Schulz095190,
	author = {Schulz, Eric and Speekenbrink, Maarten and Krause, Andreas},
	title = {A tutorial on Gaussian process regression: Modelling, exploring, and exploiting functions},
	year = {2017},
	doi = {10.1101/095190},
	publisher = {Cold Spring Harbor Laboratory},
	URL = {https://www.biorxiv.org/content/early/2017/10/10/095190},
	eprint = {https://www.biorxiv.org/content/early/2017/10/10/095190.full.pdf},
	journal = {bioRxiv}
}

@Misc{RStan,
    title = {{RStan}: the {R} interface to {Stan}},
    author = {{Stan Development Team}},
    note = {R package version 2.14.1},
    year = {2016},
    url = {http://mc-stan.org/},
  }
  
  @article{wu2017exploration,
  title = {Generalization guides human exploration in vast decision spaces},
  author = {Wu, Charley M and Schulz, Eric and Speekenbrink, Maarten and Nelson, Jonathan D and Meder, Bj{\"o}rn},
  journal = {Nature Human Behaviour},
  year = {2018},
  doi = {10.1038/s41562-018-0467-4},
  volume = {2},
  pages = {915--924}
}

@article{griffiths2006optimal,
  title={Optimal predictions in everyday cognition},
  author={Griffiths, Thomas L and Tenenbaum, Joshua B},
  journal={Psychological science},
  volume={17},
  number={9},
  pages={767--773},
  year={2006},
  publisher={SAGE Publications Sage CA: Los Angeles, CA}
}

@inproceedings{schulz2016probing,
  title={Probing the compositionality of intuitive functions},
  author={Schulz, Eric and Tenenbaum, Josh and Duvenaud, David K and Speekenbrink, Maarten and Gershman, Samuel J},
  booktitle={Advances in neural information processing systems},
  pages={3729--3737},
  year={2016}
}


@article{schulz2017compositional,
  title={Compositional inductive biases in function learning},
  author={Schulz, Eric and Tenenbaum, Joshua B and Duvenaud, David and Speekenbrink, Maarten and Gershman, Samuel J},
  journal={Cognitive Psychology},
  volume={99},
  pages={44--79},
  year={2017},
  publisher={Elsevier}
}


@article{tenenbaum2011grow,
  title={How to grow a mind: Statistics, structure, and abstraction},
  author={Tenenbaum, Joshua B and Kemp, Charles and Griffiths, Thomas L and Goodman, Noah D},
  journal={science},
  volume={331},
  number={6022},
  pages={1279--1285},
  year={2011},
  publisher={American Association for the Advancement of Science}
}

@article{piantadosi2016logical,
  title={The logical primitives of thought: Empirical foundations for compositional cognitive models},
  author={Piantadosi, Steven T and Tenenbaum, Joshua B and Goodman, Noah D},
  journal={Psychological Review},
  volume={123},
  pages={392--424},
  year={2016},
  publisher={American Psychological Association}
}

@article{mhaskar2016deep,
  title={Deep vs. shallow networks: An approximation theory perspective},
  author={Mhaskar, Hrushikesh N and Poggio, Tomaso},
  journal={Analysis and Applications},
  volume={14},
  number={06},
  pages={829--848},
  year={2016},
  publisher={World Scientific}
}